<?xml version="1.0" encoding="UTF-8"?><collection xmlns="http://www.loc.gov/MARC21/slim"><record><leader>00417nam--2200169-i-4500</leader><controlfield tag="001">000003029</controlfield><controlfield tag="002">20161230</controlfield><controlfield tag="005">20161230201025</controlfield><controlfield tag="008">060222s1000------------r-----000-0-eng-d</controlfield><datafield ind1=" " ind2=" " tag="040"><subfield code="a">IFIN-HH</subfield></datafield><datafield ind1=" " ind2=" " tag="080"><subfield code="a">56</subfield></datafield><datafield ind1="1" ind2=" " tag="100"><subfield code="a">Beer, A</subfield></datafield><datafield ind1="1" ind2="0" tag="245"><subfield code="a">Vistas in astronomy</subfield><subfield code="b">Volume one</subfield><subfield code="c">A. beer (ed.)</subfield></datafield><datafield ind1=" " ind2=" " tag="260"><subfield code="a">London</subfield><subfield code="b">Pergamon Press</subfield><subfield code="c">1955</subfield></datafield><datafield ind1=" " ind2=" " tag="300"><subfield code="a">XVI + 776 P</subfield></datafield><datafield ind1=" " ind2=" " tag="852"><subfield code="a">12968</subfield><subfield code="c">521</subfield></datafield><datafield ind1=" " ind2=" " tag="CAT"><subfield code="a">Sys</subfield><subfield code="c">20130816</subfield><subfield code="h">163255</subfield></datafield></record></collection>